[gd_resource type="Resource" load_steps=12 format=2]

[ext_resource path="res://classes/b2_font_family.gd" type="Script" id=1]
[ext_resource path="res://thirdparty/noto/NotoSerif-Italic.ttf" type="DynamicFontData" id=2]
[ext_resource path="res://thirdparty/noto/NotoSerif-Bold.ttf" type="DynamicFontData" id=3]
[ext_resource path="res://thirdparty/noto/NotoSerif-Regular.ttf" type="DynamicFontData" id=4]
[ext_resource path="res://thirdparty/noto/NotoSerif-BoldItalic.ttf" type="DynamicFontData" id=5]
[ext_resource path="res://thirdparty/noto/NotoEmoji-Regular.ttf" type="DynamicFontData" id=6]
[ext_resource path="res://thirdparty/noto/NotoEmoji-Bold.ttf" type="DynamicFontData" id=7]

[sub_resource type="DynamicFont" id=1]
font_data = ExtResource( 3 )
fallback/0 = ExtResource( 7 )

[sub_resource type="DynamicFont" id=2]
font_data = ExtResource( 5 )
fallback/0 = ExtResource( 7 )

[sub_resource type="DynamicFont" id=3]
font_data = ExtResource( 2 )
fallback/0 = ExtResource( 6 )

[sub_resource type="DynamicFont" id=4]
font_data = ExtResource( 4 )
fallback/0 = ExtResource( 6 )

[resource]
script = ExtResource( 1 )
regular = SubResource( 4 )
bold = SubResource( 1 )
italic = SubResource( 3 )
bold_italic = SubResource( 2 )
